@article{Kovacs:2020pns,
    author = "Kovacs, Aron D. and Reall, Harvey S.",
    title = "{Well-posed formulation of scalar-tensor effective field theory}",
    eprint = "2003.04327",
    archivePrefix = "arXiv",
    primaryClass = "gr-qc",
    doi = "10.1103/PhysRevLett.124.221101",
    journal = "Phys. Rev. Lett.",
    volume = "124",
    number = "22",
    pages = "221101",
    year = "2020"
}

@article{Kovacs:2020ywu,
    author = "Kovacs, Aron D. and Reall, Harvey S.",
    title = "{Well-posed formulation of Lovelock and Horndeski theories}",
    eprint = "2003.08398",
    archivePrefix = "arXiv",
    primaryClass = "gr-qc",
    doi = "10.1103/PhysRevD.101.124003",
    journal = "Phys. Rev. D",
    volume = "101",
    number = "12",
    pages = "124003",
    year = "2020"
}

@article{Pretorius:2004jg,
    author = "Pretorius, Frans",
    title = "{Numerical relativity using a generalized harmonic decomposition}",
    eprint = "gr-qc/0407110",
    archivePrefix = "arXiv",
    doi = "10.1088/0264-9381/22/2/014",
    journal = "Class. Quant. Grav.",
    volume = "22",
    pages = "425--452",
    year = "2005"
}

@article{Ripley:2019irj,
    author = "Ripley, Justin L. and Pretorius, Frans",
    title = "{Gravitational collapse in Einstein dilaton-Gauss--Bonnet gravity}",
    eprint = "1903.07543",
    archivePrefix = "arXiv",
    primaryClass = "gr-qc",
    doi = "10.1088/1361-6382/ab2416",
    journal = "Class. Quant. Grav.",
    volume = "36",
    number = "13",
    pages = "134001",
    year = "2019"
}

@article{Ripley:2019hxt,
    author = "Ripley, Justin L. and Pretorius, Frans",
    title = "{Hyperbolicity in Spherical Gravitational Collapse in a Horndeski Theory}",
    eprint = "1902.01468",
    archivePrefix = "arXiv",
    primaryClass = "gr-qc",
    doi = "10.1103/PhysRevD.99.084014",
    journal = "Phys. Rev. D",
    volume = "99",
    number = "8",
    pages = "084014",
    year = "2019"
}

@article{Ripley:2020vpk,
    author = "Ripley, Justin L. and Pretorius, Frans",
    title = "{Dynamics of a $\mathbb Z_2$ symmetric EdGB gravity in spherical symmetry}",
    eprint = "2005.05417",
    archivePrefix = "arXiv",
    primaryClass = "gr-qc",
    doi = "10.1088/1361-6382/ab9bbb",
    journal = "Class. Quant. Grav.",
    volume = "37",
    number = "15",
    pages = "155003",
    year = "2020"
}

@article{Papallo:2017qvl,
    author = "Papallo, Giuseppe and Reall, Harvey S.",
    title = "{On the local well-posedness of Lovelock and Horndeski theories}",
    eprint = "1705.04370",
    archivePrefix = "arXiv",
    primaryClass = "gr-qc",
    doi = "10.1103/PhysRevD.96.044019",
    journal = "Phys. Rev. D",
    volume = "96",
    number = "4",
    pages = "044019",
    year = "2017"
}

@article{Papallo:2017ddx,
    author = "Papallo, Giuseppe",
    title = "{On the hyperbolicity of the most general Horndeski theory}",
    eprint = "1710.10155",
    archivePrefix = "arXiv",
    primaryClass = "gr-qc",
    doi = "10.1103/PhysRevD.96.124036",
    journal = "Phys. Rev. D",
    volume = "96",
    number = "12",
    pages = "124036",
    year = "2017"
}

@article{Weinberg:2008hq,
    author = "Weinberg, Steven",
    title = "{Effective Field Theory for Inflation}",
    eprint = "0804.4291",
    archivePrefix = "arXiv",
    primaryClass = "hep-th",
    reportNumber = "UTTG-01-08",
    doi = "10.1103/PhysRevD.77.123541",
    journal = "Phys. Rev. D",
    volume = "77",
    pages = "123541",
    year = "2008"
}

@article{Ripley:2019aqj,
    author = "Ripley, Justin L. and Pretorius, Frans",
    title = "{Scalarized Black Hole dynamics in Einstein dilaton Gauss-Bonnet Gravity}",
    eprint = "1911.11027",
    archivePrefix = "arXiv",
    primaryClass = "gr-qc",
    doi = "10.1103/PhysRevD.101.044015",
    journal = "Phys. Rev. D",
    volume = "101",
    number = "4",
    pages = "044015",
    year = "2020"
}

@article{Pretorius:2005ua,
    author = "Pretorius, Frans and Choptuik, Matthew W.",
    title = "{Adaptive mesh refinement for coupled elliptic-hyperbolic systems}",
    eprint = "gr-qc/0508110",
    archivePrefix = "arXiv",
    doi = "10.1016/j.jcp.2006.02.011",
    journal = "J. Comput. Phys.",
    volume = "218",
    pages = "246--274",
    year = "2006"
}

@misc{PAMR_online,
	author="Pretorius, Frans and Stephens, Branson and Choptuik, Matthew W.",
	title="{PAMR}",
	howpublished = "\url{http://laplace.physics.ubc.ca/Group/Software.html}" 
}

@article{Okounkova:2019zep,
    author = "Okounkova, Maria",
    title = "{Stability of Rotating Black Holes in Einstein Dilaton Gauss-Bonnet Gravity}",
    eprint = "1909.12251",
    archivePrefix = "arXiv",
    primaryClass = "gr-qc",
    doi = "10.1103/PhysRevD.100.124054",
    journal = "Phys. Rev. D",
    volume = "100",
    number = "12",
    pages = "124054",
    year = "2019"
}

@article{Okounkova:2020rqw,
    author = "Okounkova, Maria",
    title = "{Numerical relativity simulation of GW150914 in Einstein dilaton Gauss-Bonnet gravity}",
    eprint = "2001.03571",
    archivePrefix = "arXiv",
    primaryClass = "gr-qc",
    month = "1",
    year = "2020"
}

@article{Cook:1997qc,
    author = "Cook, Gregory B. and Scheel, Mark A.",
    title = "{Well behaved harmonic time slices of a charged, rotating, boosted black hole}",
    reportNumber = "CRSR-1121",
    doi = "10.1103/PhysRevD.56.4775",
    journal = "Phys. Rev. D",
    volume = "56",
    pages = "4775--4781",
    year = "1997"
}

@article{Cook:2000vr,
    author = "Cook, Gregory B.",
    title = "{Initial data for numerical relativity}",
    eprint = "gr-qc/0007085",
    archivePrefix = "arXiv",
    doi = "10.12942/lrr-2000-5",
    journal = "Living Rev. Rel.",
    volume = "3",
    pages = "5",
    year = "2000"
}

@article{Giannakopoulos:2020dih,
    author = "Giannakopoulos, Thanasis and Hilditch, David and Zilhao, Miguel",
    title = "{Hyperbolicity of General Relativity in Bondi-like gauges}",
    eprint = "2007.06419",
    archivePrefix = "arXiv",
    primaryClass = "gr-qc",
    month = "7",
    year = "2020"
}

@book{evans2010partial,
  title={Partial Differential Equations},
  author={Evans, L.C.},
  isbn={9780821849743},
  lccn={2009044716},
  series={Graduate studies in mathematics},
  url={https://books.google.com/books?id=Xnu0o\_EJrCQC},
  year={2010},
  publisher={American Mathematical Society}
}

@article{Sarbach:2012pr,
    author = "Sarbach, Olivier and Tiglio, Manuel",
    title = "{Continuum and Discrete Initial-Boundary-Value Problems and Einstein's Field Equations}",
    eprint = "1203.6443",
    archivePrefix = "arXiv",
    primaryClass = "gr-qc",
    doi = "10.12942/lrr-2012-9",
    journal = "Living Rev. Rel.",
    volume = "15",
    pages = "9",
    year = "2012"
}

@article{Witek:2018dmd,
    author = "Witek, Helvi and Gualtieri, Leonardo and Pani, Paolo and Sotiriou, Thomas P.",
    title = "{Black holes and binary mergers in scalar Gauss-Bonnet gravity: scalar field dynamics}",
    eprint = "1810.05177",
    archivePrefix = "arXiv",
    primaryClass = "gr-qc",
    doi = "10.1103/PhysRevD.99.064035",
    journal = "Phys. Rev. D",
    volume = "99",
    number = "6",
    pages = "064035",
    year = "2019"
}

@article{Sotiriou:2014pfa,
    author = "Sotiriou, Thomas P. and Zhou, Shuang-Yong",
    title = "{Black hole hair in generalized scalar-tensor gravity: An explicit example}",
    eprint = "1408.1698",
    archivePrefix = "arXiv",
    primaryClass = "gr-qc",
    doi = "10.1103/PhysRevD.90.124063",
    journal = "Phys. Rev. D",
    volume = "90",
    pages = "124063",
    year = "2014"
}

@article{Barack:2018yly,
    author = "Barack, Leor and others",
    title = "{Black holes, gravitational waves and fundamental physics: a roadmap}",
    eprint = "1806.05195",
    archivePrefix = "arXiv",
    primaryClass = "gr-qc",
    doi = "10.1088/1361-6382/ab0587",
    journal = "Class. Quant. Grav.",
    volume = "36",
    number = "14",
    pages = "143001",
    year = "2019"
}

@book{misner2017gravitation,
  title={Gravitation},
  author={Misner, C.W. and Thorne, K.S. and Wheeler, J.A.},
  isbn={9781400889099},
  url={https://books.google.com/books?id=zAAuDwAAQBAJ},
  year={2017},
  publisher={Princeton University Press}
}

@book{kreiss1989initial,
  title={Initial-Boundary Value Problems and the Navier-Stokes Equations},
  author={Kreiss, H.O. and Lorenz, J.},
  isbn={9780080874562},
  series={ISSN},
  url={https://books.google.com/books?id=aCEq9TaC1tQC},
  year={1989},
  publisher={Elsevier Science}
}

@book{landau2013classical,
  title={The Classical Theory of Fields},
  author={Landau, L.D.},
  isbn={9781483293288},
  lccn={75004737},
  series={COURSE OF THEORETICAL PHYSICS},
  url={https://books.google.com/books?id=HudbAwAAQBAJ},
  year={2013},
  publisher={Elsevier Science}
}

@article{Gundlach:2005eh,
    author = "Gundlach, Carsten and Martin-Garcia, Jose M. and Calabrese, Gioel and Hinder, Ian",
    title = "{Constraint damping in the Z4 formulation and harmonic gauge}",
    eprint = "gr-qc/0504114",
    archivePrefix = "arXiv",
    doi = "10.1088/0264-9381/22/17/025",
    journal = "Class. Quant. Grav.",
    volume = "22",
    pages = "3767--3774",
    year = "2005"
}

@article{Figueras:2020dzx,
    author = "Figueras, Pau and Fran\c{c}a, Tiago",
    title = "{Gravitational Collapse in Cubic Horndeski Theories}",
    eprint = "2006.09414",
    archivePrefix = "arXiv",
    primaryClass = "gr-qc",
    doi = "10.1088/1361-6382/abb693",
    journal = "Class. Quant. Grav.",
    volume = "37",
    number = "22",
    pages = "225009",
    year = "2020"
}

@ARTICLE{1972Tell...24..199K,
       author = {{Kreiss}, H. -O. and {Oliger}, J.},
        title = "{Comparison of accurate methods for the integration of hyperbolic equations}",
      journal = {Tellus},
         year = 1972,
        month = jan,
       volume = {24},
        pages = {199},
       adsurl = {https://ui.adsabs.harvard.edu/abs/1972Tell...24..199K},
      adsnote = {Provided by the SAO/NASA Astrophysics Data System}
}

@ARTICLE{1984JCoPh..53..484B,
       author = {{Berger}, Marsha J. and {Oliger}, Joseph},
        title = "{Adaptive Mesh Refinement for Hyperbolic Partial Differential Equations}",
      journal = {Journal of Computational Physics},
         year = 1984,
        month = mar,
       volume = {53},
       number = {3},
        pages = {484-512},
          doi = {10.1016/0021-9991(84)90073-1},
       adsurl = {https://ui.adsabs.harvard.edu/abs/1984JCoPh..53..484B},
      adsnote = {Provided by the SAO/NASA Astrophysics Data System}
}

@article{Lindblom:2009tu,
      author         = "Lindblom, Lee and Szilagyi, Bela",
      title          = "{An Improved Gauge Driver for the GH Einstein System}",
      journal        = "Phys. Rev.",
      volume         = "D80",
      year           = "2009",
      pages          = "084019",
      doi            = "10.1103/PhysRevD.80.084019",
      eprint         = "0904.4873",
      archivePrefix  = "arXiv",
      primaryClass   = "gr-qc",
      SLACcitation   = "%%CITATION = ARXIV:0904.4873;%%"
}

@article{Choptuik:2009ww,
      author         = "Choptuik, Matthew W. and Pretorius, Frans",
      title          = "{Ultra Relativistic Particle Collisions}",
      journal        = "Phys. Rev. Lett.",
      volume         = "104",
      year           = "2010",
      pages          = "111101",
      doi            = "10.1103/PhysRevLett.104.111101",
      eprint         = "0908.1780",
      archivePrefix  = "arXiv",
      primaryClass   = "gr-qc",
      SLACcitation   = "%%CITATION = ARXIV:0908.1780;%%"
}

@article{East:2012zn,
    author = "East, William E. and Ramazanoglu, Fethi M. and Pretorius, Frans",
    title = "{Conformal Thin-Sandwich Solver for Generic Initial Data}",
    eprint = "1208.3473",
    archivePrefix = "arXiv",
    primaryClass = "gr-qc",
    doi = "10.1103/PhysRevD.86.104053",
    journal = "Phys. Rev. D",
    volume = "86",
    pages = "104053",
    year = "2012"
}

@article{East:2011aa,
    author = "East, William E. and Pretorius, Frans and Stephens, Branson C.",
    title = "{Hydrodynamics in full general relativity with conservative AMR}",
    eprint = "1112.3094",
    archivePrefix = "arXiv",
    primaryClass = "gr-qc",
    doi = "10.1103/PhysRevD.85.124010",
    journal = "Phys. Rev. D",
    volume = "85",
    pages = "124010",
    year = "2012"
}

@article{PhysRevLett.11.237,
  title = {Gravitational Field of a Spinning Mass as an Example of Algebraically Special Metrics},
  author = {Kerr, Roy P.},
  journal = {Phys. Rev. Lett.},
  volume = {11},
  issue = {5},
  pages = {237--238},
  numpages = {0},
  year = {1963},
  month = {Sep},
  publisher = {American Physical Society},
  doi = {10.1103/PhysRevLett.11.237},
  url = {https://link.aps.org/doi/10.1103/PhysRevLett.11.237}
}

@article{Yunes:2016jcc,
    author = "Yunes, Nicolas and Yagi, Kent and Pretorius, Frans",
    title = "{Theoretical Physics Implications of the Binary Black-Hole Mergers GW150914 and GW151226}",
    eprint = "1603.08955",
    archivePrefix = "arXiv",
    primaryClass = "gr-qc",
    doi = "10.1103/PhysRevD.94.084002",
    journal = "Phys. Rev. D",
    volume = "94",
    number = "8",
    pages = "084002",
    year = "2016"
}

@article{Ijjas:2016vtq,
    author = "Ijjas, Anna and Steinhardt, Paul J.",
    title = "{Fully stable cosmological solutions with a non-singular classical bounce}",
    eprint = "1609.01253",
    archivePrefix = "arXiv",
    primaryClass = "gr-qc",
    doi = "10.1016/j.physletb.2016.11.047",
    journal = "Phys. Lett. B",
    volume = "764",
    pages = "289--294",
    year = "2017"
}

@article{Creminelli:2010ba,
    author = "Creminelli, Paolo and Nicolis, Alberto and Trincherini, Enrico",
    title = "{Galilean Genesis: An Alternative to inflation}",
    eprint = "1007.0027",
    archivePrefix = "arXiv",
    primaryClass = "hep-th",
    doi = "10.1088/1475-7516/2010/11/021",
    journal = "JCAP",
    volume = "11",
    pages = "021",
    year = "2010"
}

@article{Kobayashi:2011nu,
    author = "Kobayashi, Tsutomu and Yamaguchi, Masahide and Yokoyama, Jun'ichi",
    title = "{Generalized G-inflation: Inflation with the most general second-order field equations}",
    eprint = "1105.5723",
    archivePrefix = "arXiv",
    primaryClass = "hep-th",
    reportNumber = "KUNS-2339, RESCEU-9-11",
    doi = "10.1143/PTP.126.511",
    journal = "Prog. Theor. Phys.",
    volume = "126",
    pages = "511--529",
    year = "2011"
}

@article{Horndeski:1974wa,
    author = "Horndeski, Gregory Walter",
    title = "{Second-order scalar-tensor field equations in a four-dimensional space}",
    doi = "10.1007/BF01807638",
    journal = "Int. J. Theor. Phys.",
    volume = "10",
    pages = "363--384",
    year = "1974"
}

@article{Woodard:2015zca,
    author = "Woodard, Richard P.",
    title = "{Ostrogradsky's theorem on Hamiltonian instability}",
    eprint = "1506.02210",
    archivePrefix = "arXiv",
    primaryClass = "hep-th",
    reportNumber = "UFIFT-QG-15-03",
    doi = "10.4249/scholarpedia.32243",
    journal = "Scholarpedia",
    volume = "10",
    number = "8",
    pages = "32243",
    year = "2015"
}

@article{Clifton:2011jh,
    author = "Clifton, Timothy and Ferreira, Pedro G. and Padilla, Antonio and Skordis, Constantinos",
    title = "{Modified Gravity and Cosmology}",
    eprint = "1106.2476",
    archivePrefix = "arXiv",
    primaryClass = "astro-ph.CO",
    doi = "10.1016/j.physrep.2012.01.001",
    journal = "Phys. Rept.",
    volume = "513",
    pages = "1--189",
    year = "2012"
}

@article{Kobayashi:2019hrl,
    author = "Kobayashi, Tsutomu",
    title = "{Horndeski theory and beyond: a review}",
    eprint = "1901.07183",
    archivePrefix = "arXiv",
    primaryClass = "gr-qc",
    reportNumber = "RUP-19-3",
    doi = "10.1088/1361-6633/ab2429",
    journal = "Rept. Prog. Phys.",
    volume = "82",
    number = "8",
    pages = "086901",
    year = "2019"
}

@article{Okounkova:2017yby,
    author = "Okounkova, Maria and Stein, Leo C. and Scheel, Mark A. and Hemberger, Daniel A.",
    title = "{Numerical binary black hole mergers in dynamical Chern-Simons gravity: Scalar field}",
    eprint = "1705.07924",
    archivePrefix = "arXiv",
    primaryClass = "gr-qc",
    doi = "10.1103/PhysRevD.96.044020",
    journal = "Phys. Rev. D",
    volume = "96",
    number = "4",
    pages = "044020",
    year = "2017"
}

@article{Okounkova:2018abo,
    author = "Okounkova, Maria and Scheel, Mark A. and Teukolsky, Saul A.",
    title = "{Numerical black hole initial data and shadows in dynamical Chern\textendash{}Simons gravity}",
    eprint = "1810.05306",
    archivePrefix = "arXiv",
    primaryClass = "gr-qc",
    doi = "10.1088/1361-6382/aafcdf",
    journal = "Class. Quant. Grav.",
    volume = "36",
    number = "5",
    pages = "054001",
    year = "2019"
}

@article{Okounkova:2018pql,
    author = "Okounkova, Maria and Scheel, Mark A. and Teukolsky, Saul A.",
    title = "{Evolving Metric Perturbations in dynamical Chern-Simons Gravity}",
    eprint = "1811.10713",
    archivePrefix = "arXiv",
    primaryClass = "gr-qc",
    doi = "10.1103/PhysRevD.99.044019",
    journal = "Phys. Rev. D",
    volume = "99",
    number = "4",
    pages = "044019",
    year = "2019"
}

@article{Kase:2018aps,
    author = "Kase, Ryotaro and Tsujikawa, Shinji",
    title = "{Dark energy in Horndeski theories after GW170817: A review}",
    eprint = "1809.08735",
    archivePrefix = "arXiv",
    primaryClass = "gr-qc",
    doi = "10.1142/S0218271819420057",
    journal = "Int. J. Mod. Phys. D",
    volume = "28",
    number = "05",
    pages = "1942005",
    year = "2019"
}

@article{Barack:2018yly,
    author = "Barack, Leor and others",
    title = "{Black holes, gravitational waves and fundamental physics: a roadmap}",
    eprint = "1806.05195",
    archivePrefix = "arXiv",
    primaryClass = "gr-qc",
    doi = "10.1088/1361-6382/ab0587",
    journal = "Class. Quant. Grav.",
    volume = "36",
    number = "14",
    pages = "143001",
    year = "2019"
}

@article{Kanti:1997br,
    author = "Kanti, P. and Mavromatos, N.E. and Rizos, J. and Tamvakis, K. and Winstanley, E.",
    title = "{Dilatonic black holes in higher curvature string gravity. 2: Linear stability}",
    eprint = "hep-th/9703192",
    archivePrefix = "arXiv",
    reportNumber = "OUTP-97-12-PA",
    doi = "10.1103/PhysRevD.57.6255",
    journal = "Phys. Rev. D",
    volume = "57",
    pages = "6255--6264",
    year = "1998"
}

@article{Sotiriou:2013qea,
    author = "Sotiriou, Thomas P. and Zhou, Shuang-Yong",
    title = "{Black hole hair in generalized scalar-tensor gravity}",
    eprint = "1312.3622",
    archivePrefix = "arXiv",
    primaryClass = "gr-qc",
    doi = "10.1103/PhysRevLett.112.251102",
    journal = "Phys. Rev. Lett.",
    volume = "112",
    pages = "251102",
    year = "2014"
}

@article{Berti:2018cxi,
    author = "Berti, Emanuele and Yagi, Kent and Yunes, Nicol\'as",
    title = "{Extreme Gravity Tests with Gravitational Waves from Compact Binary Coalescences: (I) Inspiral-Merger}",
    eprint = "1801.03208",
    archivePrefix = "arXiv",
    primaryClass = "gr-qc",
    doi = "10.1007/s10714-018-2362-8",
    journal = "Gen. Rel. Grav.",
    volume = "50",
    number = "4",
    pages = "46",
    year = "2018"
}

@article{Arai:2017hxj,
    author = "Arai, Shun and Nishizawa, Atsushi",
    title = "{Generalized framework for testing gravity with gravitational-wave propagation. II. Constraints on Horndeski theory}",
    eprint = "1711.03776",
    archivePrefix = "arXiv",
    primaryClass = "gr-qc",
    doi = "10.1103/PhysRevD.97.104038",
    journal = "Phys. Rev. D",
    volume = "97",
    number = "10",
    pages = "104038",
    year = "2018"
}

@article{Ezquiaga:2017ekz,
    author = "Ezquiaga, Jose Mar\'\i{}a and Zumalac\'arregui, Miguel",
    title = "{Dark Energy After GW170817: Dead Ends and the Road Ahead}",
    eprint = "1710.05901",
    archivePrefix = "arXiv",
    primaryClass = "astro-ph.CO",
    reportNumber = "IFT-UAM-CSIC-17-096, NORDITA-2017-109",
    doi = "10.1103/PhysRevLett.119.251304",
    journal = "Phys. Rev. Lett.",
    volume = "119",
    number = "25",
    pages = "251304",
    year = "2017"
}

@article{Figueras:2020dzx,
    author = "Figueras, Pau and Fran\c{c}a, Tiago",
    title = "{Gravitational Collapse in Cubic Horndeski Theories}",
    eprint = "2006.09414",
    archivePrefix = "arXiv",
    primaryClass = "gr-qc",
    month = "6",
    year = "2020"
}

@article{Kovacs:2019jqj,
    author = "Kov\'acs, \'Aron D.",
    title = "{Well-posedness of cubic Horndeski theories}",
    eprint = "1904.00963",
    archivePrefix = "arXiv",
    primaryClass = "gr-qc",
    doi = "10.1103/PhysRevD.100.024005",
    journal = "Phys. Rev. D",
    volume = "100",
    number = "2",
    pages = "024005",
    year = "2019"
}

@book{poisson2004relativist,
  title={A Relativist's Toolkit: The Mathematics of Black-Hole Mechanics},
  author={Poisson, E.},
  isbn={9781139451994},
  url={https://books.google.com/books?id=bk2XEgz\_ML4C},
  year={2004},
  publisher={Cambridge University Press}
}

@article{Donoghue:1994dn,
    author = "Donoghue, John F.",
    title = "{General relativity as an effective field theory: The leading quantum corrections}",
    eprint = "gr-qc/9405057",
    archivePrefix = "arXiv",
    reportNumber = "UMHEP-408",
    doi = "10.1103/PhysRevD.50.3874",
    journal = "Phys. Rev. D",
    volume = "50",
    pages = "3874--3888",
    year = "1994"
}

@article{Burgess:2003jk,
    author = "Burgess, C.P.",
    title = "{Quantum gravity in everyday life: General relativity as an effective field theory}",
    eprint = "gr-qc/0311082",
    archivePrefix = "arXiv",
    doi = "10.12942/lrr-2004-5",
    journal = "Living Rev. Rel.",
    volume = "7",
    pages = "5--56",
    year = "2004"
}

@article{Ageeva:2020buc,
    author = "Ageeva, Y. and Petrov, P. and Rubakov, V.",
    title = "{Horndeski genesis: consistency of classical theory}",
    eprint = "2009.05071",
    archivePrefix = "arXiv",
    primaryClass = "hep-th",
    reportNumber = "INR-TH-2020-038",
    month = "9",
    year = "2020"
}

@article{Rubakov:2014jja,
    author = "Rubakov, V.A.",
    title = "{The Null Energy Condition and its violation}",
    eprint = "1401.4024",
    archivePrefix = "arXiv",
    primaryClass = "hep-th",
    reportNumber = "INR-TH-2014-1",
    doi = "10.3367/UFNe.0184.201402b.0137",
    journal = "Usp. Fiz. Nauk",
    volume = "184",
    number = "2",
    pages = "137--152",
    year = "2014"
}

@article{Heusler:1996ft,
    author = "Heusler, Markus",
    editor = "Straumann, N. and Jetzer, P. and Lavrelashvili, George V.",
    title = "{No hair theorems and black holes with hair}",
    eprint = "gr-qc/9610019",
    archivePrefix = "arXiv",
    reportNumber = "ZU-TH-28-96",
    journal = "Helv. Phys. Acta",
    volume = "69",
    number = "4",
    pages = "501--528",
    year = "1996"
}

@book{hawking1973large,
  title={The Large Scale Structure of Space-Time},
  author={Hawking, S.W. and Ellis, G.F.R. and Landshoff, P.V.},
  isbn={9780521099066},
  lccn={72093671},
  series={Cambridge Monographs on Mathematical Physics},
  url={https://books.google.com/books?id=QagG\_KI7Ll8C},
  year={1973},
  publisher={Cambridge University Press}
}

@misc{kovacsrealltalk,
    author = "Kovacs, Aron D. and Reall, Harvey S.",
    note = "Personal communication."
}

@misc{eastripleyinprep,
    author = "East, William E. and Ripley, Justin L.",
    note = "in prep."
}
 
@article{Delgado:2020rev,
    author = "Delgado, Jorge F.M. and Herdeiro, Carlos A.R. and Radu, Eugen",
    title = "{Spinning black holes in shift-symmetric Horndeski theory}",
    eprint = "2002.05012",
    archivePrefix = "arXiv",
    primaryClass = "gr-qc",
    doi = "10.1007/JHEP04(2020)180",
    journal = "JHEP",
    volume = "04",
    pages = "180",
    year = "2020"
}

@article{Sullivan:2020zpf,
    author = "Sullivan, Andrew and Yunes, Nicol\'as and Sotiriou, Thomas P.",
    title = "{Numerical Black Hole Solutions in Modified Gravity Theories: Axial Symmetry Case}",
    eprint = "2009.10614",
    archivePrefix = "arXiv",
    primaryClass = "gr-qc",
    month = "9",
    year = "2020"
}

@article{Abbott:2020jks,
    author = "Abbott, R. and others",
    collaboration = "LIGO Scientific, Virgo",
    title = "{Tests of General Relativity with Binary Black Holes from the second LIGO-Virgo Gravitational-Wave Transient Catalog}",
    eprint = "2010.14529",
    archivePrefix = "arXiv",
    primaryClass = "gr-qc",
    reportNumber = "LIGO-P2000091",
    month = "10",
    year = "2020"
}
@article{Delsate:2014hba,
    author = "Delsate, T\'erence and Hilditch, David and Witek, Helvi",
    title = "{Initial value formulation of dynamical Chern-Simons gravity}",
    eprint = "1407.6727",
    archivePrefix = "arXiv",
    primaryClass = "gr-qc",
    doi = "10.1103/PhysRevD.91.024027",
    journal = "Phys. Rev. D",
    volume = "91",
    number = "2",
    pages = "024027",
    year = "2015"
}

@article{Endlich:2017tqa,
    author = "Endlich, Solomon and Gorbenko, Victor and Huang, Junwu and Senatore, Leonardo",
    title = "{An effective formalism for testing extensions to General Relativity with gravitational waves}",
    eprint = "1704.01590",
    archivePrefix = "arXiv",
    primaryClass = "gr-qc",
    doi = "10.1007/JHEP09(2017)122",
    journal = "JHEP",
    volume = "09",
    pages = "122",
    year = "2017"
}

@article{Cayuso:2017iqc,
    author = "Cayuso, Juan and Ortiz, N\'estor and Lehner, Luis",
    title = "{Fixing extensions to general relativity in the nonlinear regime}",
    eprint = "1706.07421",
    archivePrefix = "arXiv",
    primaryClass = "gr-qc",
    doi = "10.1103/PhysRevD.96.084043",
    journal = "Phys. Rev. D",
    volume = "96",
    number = "8",
    pages = "084043",
    year = "2017"
}

@article{Cayuso:2020lca,
    author = "Cayuso, Ramiro and Lehner, Luis",
    title = "{Nonlinear, noniterative treatment of EFT-motivated gravity}",
    eprint = "2005.13720",
    archivePrefix = "arXiv",
    primaryClass = "gr-qc",
    doi = "10.1103/PhysRevD.102.084008",
    journal = "Phys. Rev. D",
    volume = "102",
    number = "8",
    pages = "084008",
    year = "2020"
}
@article{Allwright:2018rut,
    author = "Allwright, Gwyneth and Lehner, Luis",
    title = "{Towards the nonlinear regime in extensions to GR: assessing possible options}",
    eprint = "1808.07897",
    archivePrefix = "arXiv",
    primaryClass = "gr-qc",
    doi = "10.1088/1361-6382/ab0ee1",
    journal = "Class. Quant. Grav.",
    volume = "36",
    number = "8",
    pages = "084001",
    year = "2019"
}
@article{Sullivan:2020zpf,
    author = "Sullivan, Andrew and Yunes, Nicol\'as and Sotiriou, Thomas P.",
    title = "{Numerical Black Hole Solutions in Modified Gravity Theories: Axial Symmetry Case}",
    eprint = "2009.10614",
    archivePrefix = "arXiv",
    primaryClass = "gr-qc",
    month = "9",
    year = "2020"
}
@article{Benkel:2016rlz,
    author = "Benkel, Robert and Sotiriou, Thomas P. and Witek, Helvi",
    title = "{Black hole hair formation in shift-symmetric generalised scalar-tensor gravity}",
    eprint = "1610.09168",
    archivePrefix = "arXiv",
    primaryClass = "gr-qc",
    doi = "10.1088/1361-6382/aa5ce7",
    journal = "Class. Quant. Grav.",
    volume = "34",
    number = "6",
    pages = "064001",
    year = "2017"
}
@article{Benkel:2016kcq,
    author = "Benkel, Robert and Sotiriou, Thomas P. and Witek, Helvi",
    title = "{Dynamical scalar hair formation around a Schwarzschild black hole}",
    eprint = "1612.08184",
    archivePrefix = "arXiv",
    primaryClass = "gr-qc",
    doi = "10.1103/PhysRevD.94.121503",
    journal = "Phys. Rev. D",
    volume = "94",
    number = "12",
    pages = "121503",
    year = "2016"
}

@book{alcubierre_3p1,
  title={Introduction to $3+1$ numerical relativity},
  author={Alcubierre, Miguel},
  isbn={9780199656158},
  year={2008},
  publisher={Oxford University Press}
}


